@article{pretnar2017efficient,
  title={{Efficient compilation of algebraic effects and handlers}},
  author={{Pretnar, Matija and Saleh, Amr Hany and Faes, Axel and Schrijvers, Tom}},
  journal={{CW Reports, volume CW708}},
  volume={32},
  year={2017}
}
